@misc{Jieba,
  author = {Andy Sun},
  title = {"Jieba" (Chinese for "to stutter") Chinese text segmentation: built to be the best Python Chinese word segmentation module.},
  howpublished = {\url{https://github.com/fxsjy/jieba}},
  note = {Accessed on May 23, 2024}
}

@article{zhang2015sensitivity,
  title={A sensitivity analysis of (and practitioners' guide to) convolutional neural networks for sentence classification},
  author={Zhang, Ye and Wallace, Byron},
  journal={arXiv preprint arXiv:1510.03820},
  year={2015}
}

@misc{CNN-text-classification-tf,
  author = {Denny Britz},
  title = {Implementing a CNN for Text Classification in TensorFlow},
  howpublished = {\url{https://dennybritz.com/posts/wildml/implementing-a-cnn-for-text-classification-in-tensorflow/}},
  note = {Accessed on May 23, 2024}
}

@InProceedings{P18-2023,
  author =  "Li, Shen
    and Zhao, Zhe
    and Hu, Renfen
    and Li, Wensi
    and Liu, Tao
    and Du, Xiaoyong",
  title =   "Analogical Reasoning on Chinese Morphological and Semantic Relations",
  booktitle =   "Proceedings of the 56th Annual Meeting of the Association for Computational Linguistics (Volume 2: Short Papers)",
  year =  "2018",
  publisher =   "Association for Computational Linguistics",
  pages =   "138--143",
  location =  "Melbourne, Australia",
  url =   "http://aclweb.org/anthology/P18-2023"
}

@misc{hotel-comment,
  title = {谭松波--酒店评论语料},
  howpublished = {\url{https://www.aitechclub.com/data-detail?data_id=29}},
  note = {Accessed on May 23, 2024}
}

@article{huang2015bidirectional,
  title={Bidirectional LSTM-CRF models for sequence tagging},
  author={Huang, Zhiheng and Xu, Wei and Yu, Kai},
  journal={arXiv preprint arXiv:1508.01991},
  year={2015}
}

@article{sarzynska2021detecting,
  title={Detecting formal thought disorder by deep contextualized word representations},
  author={Sarzynska-Wawer, Justyna and Wawer, Aleksander and Pawlak, Aleksandra and Szymanowska, Julia and Stefaniak, Izabela and Jarkiewicz, Michal and Okruszek, Lukasz},
  journal={Psychiatry Research},
  volume={304},
  pages={114135},
  year={2021},
  publisher={Elsevier}
}